@book{hawkins2001lebesgue,
  title={Lebesgue's Theory of Integration: Its Origins and Development: Its Origins and Development},
  author={Hawkins, Thomas},
  volume={282},
  year={2001},
  publisher={American Mathematical Soc.}
}

@book{tao2011introduction,
  title={An introduction to measure theory},
  author={Tao, Terence},
  volume={126},
  year={2011},
  publisher={American Mathematical Society Providence, RI}
}

@book{capinski2004measure,
	title={Measure, integral and probability},
	author={Capi{\'n}ski, Marek and Kopp, Peter Ekkehard},
	volume={14},
	year={2004},
	publisher={Springer}
}

@article{akyildirim2014brief,
	title={A brief history of mathematics in finance},
	author={Aky{\i}ld{\i}r{\i}m, Erdin{\c{c}} and Soner, Halil Mete},
	journal={Borsa Istanbul Review},
	volume={14},
	number={1},
	pages={57--63},
	year={2014},
	publisher={Elsevier}
}
